@book{Goodfellow-et-al-2016,
    title={Deep Learning},
    author={Ian Goodfellow and Yoshua Bengio and Aaron Courville},
    publisher={MIT Press},
    year={2016}
}


@book{zumel2014,
	address = {Shelter Island, NY},
	title = {Practical data science with {R}},
	isbn = {978-1-61729-156-2},
	language = {en},
	publisher = {Manning Publications Co},
	author = {Zumel, Nina and Mount, John},
	year = {2014},
	note = {OCLC: ocn862790245},
	keywords = {Data processing, Mathematical statistics, R (Computer program language)},
	file = {Zumel and Mount - 2014 - Practical data science with R.pdf:/home/kruse/Zotero/storage/LDQKZUSB/Zumel and Mount - 2014 - Practical data science with R.pdf:application/pdf}
}


@book{kirk2017,
	address = {Beijing ; Boston},
	edition = {First edition},
	title = {Thoughtful machine learning with {Python}: a test-driven approach},
	isbn = {978-1-4919-2413-6},
	shorttitle = {Thoughtful machine learning with {Python}},
	publisher = {O'Reilly},
	author = {Kirk, Matthew},
	year = {2017},
	note = {OCLC: ocn908375399},
	keywords = {Machine learning, Python (Computer program language)},
	file = {Kirk_2017_Thoughtful machine learning with Python.pdf:/home/kruse/Zotero/storage/VH7R4SKY/Kirk_2017_Thoughtful machine learning with Python.pdf:application/pdf}
}


@article{hope2017,
	title = {Learning {TensorFlow}},
	language = {en},
	author = {Hope, Tom and Resheff, Yehezkel S and Lieder, Itay},
	year = {2017},
	file = {Hope et al. - Learning TensorFlow.pdf:/home/kruse/Zotero/storage/BMN7Z4EK/Hope et al. - Learning TensorFlow.pdf:application/pdf}
}


@book{chollet2018,
	address = {Shelter Island, New York},
	title = {Deep learning with {Python}},
	isbn = {978-1-61729-443-3},
	language = {en},
	publisher = {Manning Publications Co},
	author = {Chollet, François},
	year = {2018},
	note = {OCLC: ocn982650571},
	keywords = {Python (Computer program language), Machine learning, Neural networks (Computer science)},
	file = {Chollet - 2018 - Deep learning with Python.pdf:/home/kruse/Zotero/storage/R93YY85D/Chollet - 2018 - Deep learning with Python.pdf:application/pdf}
}


@book{mckinney2013,
	address = {Beijing},
	title = {Python for data analysis},
	isbn = {978-1-4493-1979-3},
	language = {en},
	publisher = {O'Reilly},
	author = {McKinney, Wes},
	year = {2013},
	note = {OCLC: ocn794362690},
	keywords = {Data mining, Programming languages (Electronic computers), Python (Computer program language)},
	file = {McKinney - 2013 - Python for data analysis.pdf:/home/kruse/Zotero/storage/HS5EKBM6/McKinney - 2013 - Python for data analysis.pdf:application/pdf}
}

@book{gulli2017,
	address = {Birmingham Mumbai},
	title = {Deep learning with {Keras}: implement neural networks with {Keras} on {Theano} and {TensorFlow}},
	isbn = {978-1-78712-842-2 978-1-78712-903-0},
	shorttitle = {Deep learning with {Keras}},
	language = {en},
	publisher = {Packt},
	author = {Gullì, Antonio and Pal, Sujit},
	year = {2017},
	file = {Gullì and Pal - 2017 - Deep learning with Keras implement neural network.pdf:/home/kruse/Zotero/storage/G5TQVMQY/Gullì and Pal - 2017 - Deep learning with Keras implement neural network.pdf:application/pdf}
}

@book{lutz2013,
	address = {Beijing},
	edition = {Fifth edition},
	title = {Learning {Python}},
	isbn = {978-1-4493-5573-9},
	language = {en},
	publisher = {O'Reilly},
	author = {Lutz, Mark},
	year = {2013},
	keywords = {Object-oriented programming (Computer science), Python (Computer program language)},
	file = {Lutz - 2013 - Learning Python.pdf:/home/kruse/Zotero/storage/S5MIQ62Z/Lutz - 2013 - Learning Python.pdf:application/pdf}
}

@misc{cholletj2018,
  title={J. Allaire J. 2018. Deep learning with R},
  author={Allaire, J., Chollet, F},
  year = {2018},
  publisher={Manning Publications, Shelter Island, NY}
}